% This sample bib file is taken from the "Dissertation-Template-KIT", licensed under MIT license, (c) 2019 Grinberg, Michael
%
% Source:
% https://gitlab-ext.iosb.fraunhofer.de/grinbe/Dissertation-Template-KIT/raw/5257bda3baf14443b4977ab674f9b4c3296407e2/bib/example.bib
%
% Permission is hereby granted, free of charge, to any person obtaining a copy
of this template and associated documentation files (the "Template"), to deal
in the Template without restriction, including without limitation the rights
to use, copy, modify, merge, publish, distribute, sublicense, and/or sell
copies of the Template, and to permit persons to whom the Template is
furnished to do so, subject to the following conditions:

The above copyright notice and this permission notice shall be included in all
copies or substantial portions of the Template.

THE TEMPLATE IS PROVIDED "AS IS", WITHOUT WARRANTY OF ANY KIND, EXPRESS OR
IMPLIED, INCLUDING BUT NOT LIMITED TO THE WARRANTIES OF MERCHANTABILITY,
FITNESS FOR A PARTICULAR PURPOSE AND NONINFRINGEMENT. IN NO EVENT SHALL THE
AUTHORS OR COPYRIGHT HOLDERS BE LIABLE FOR ANY CLAIM, DAMAGES OR OTHER
LIABILITY, WHETHER IN AN ACTION OF CONTRACT, TORT OR OTHERWISE, ARISING FROM,
OUT OF OR IN CONNECTION WITH THE TEMPLATE OR THE USE OR OTHER DEALINGS IN THE
TEMPLATE.
%
%
%

% This file was created with JabRef 2.10.
% Encoding: UTF8

@manual{Kubisch2018,
  	title = {Introduction to Turing Mesh Shaders},
  	author = {Christoph Kubisch},
  	year = {2018},
	url = {https://developer.nvidia.com/blog/introduction-turing-mesh-shaders/},
  	langid =  {american}
}

@manual{Khronos2024,
  title = {Rendering Pipeline Overview},
	author = {Khronos},
	year = {2024},
	url = {https://www.khronos.org/opengl/wiki/Rendering_Pipeline_Overview},
  langid = {american}
}

@manual{Singer2023,
  title = {The History of the Modern Graphics Processor - The Early Days of 3D Consumer Graphics},
	author = {Graham Singer},
	year = {2023},
	url = {https://www.techspot.com/article/650-history-of-the-gpu/},
  langid = {american}
}

@manual{Fenno2024,
  title = {Game-Changer: How the Worldâ€™s First GPU Leveled Up Gaming and Ignited the AI Era},
	author = {John Fenno},
	year = {2024},
	url = {https://blogs.nvidia.com/blog/first-gpu-gaming-ai/},
  langid = {american}
}

@manual{Aaltonen2015,
  title = {GPU-Driven Rendering Pipelines},
	author = {Ulrich Haar and  Sebastian Aaltonen},
	year = {2015},
	url = {https://www.advances.realtimerendering.com/s2015/aaltonenhaar_siggraph2015_combined_final_footer_220dpi.pdf},
  langid = {american}
}

@manual{Assarsson2013,
  author = {Viktor Kampe and Erik Sintorn and Ulf Assarsson},
  title = {High Resolution Sparse Voxel DAGs},
  year = {2013},
  url = {https://www.cse.chalmers.se/~uffe/HighResolutionSparseVoxelDAGs.pdf},
  langid = {american}

}








@manual{Hoffmann2014,
  title = {The Listings Package},
	author = {Carsten Heinz and  Brooks Moses and  Jobst Hoffmann},
	year = {2014},
	url = {http://mirrors.ctan.org/macros/latex/contrib/listings/listings.pdf},
  langid = {american}
}